@ARTICLE{sols,
	author  = "Fernando Sols, M. Macucci, U. Ravaioli and Karl Hess",
	title   = "Theory for a quantum modulated transistor",
	year    = "1989",
	journal = "J. Appl. Phys",
	volume  = "66"
}

@Article{baranger,
  title = {Electrical linear-response theory in an arbitrary magnetic field: A new Fermi-surface formation},
  author = {Baranger, Harold U. and Stone, A. Douglas},
  journal = {Phys. Rev. B},
  volume = {40},
  number = {12},
  pages = {8169--8193},
  numpages = {24},
  year = {1989},
  month = {Oct},
  doi = {10.1103/PhysRevB.40.8169},
  publisher = {American Physical Society}
}


@book{datta,
  Author = {Supriyo Datta},
  Title = {Electronic Transport in Mesoscopic Systems (Cambridge Studies in Semiconductor Physics and Microelectronic Engineering)},
  Publisher = {Cambridge University Press},
  Year = {1997},
  ISBN = {0521599431}
}

@Article{khodas,
  title = {Spin Polarization of Electrons by Nonmagnetic Heterostructures: The Basics of Spin Optics},
  author = {Khodas, M.  and Shekhter, A.  and Finkel\char39{}stein, A. M.},
  journal = {Phys. Rev. Lett.},
  volume = {92},
  number = {8},
  pages = {086602},
  numpages = {4},
  year = {2004},
  month = {Feb},
  doi = {10.1103/PhysRevLett.92.086602},
  publisher = {American Physical Society}
}

